@article{shearer2021news,
  title={News use across social media platforms in 2020},
  author={Shearer, Elisa and Mitchell, Amy},
  year={2021},
  publisher={Pew Research Center}
}

@article{devlin2018bert,
  title={Bert: Pre-training of deep bidirectional transformers for language understanding},
  author={Devlin, Jacob and Chang, Ming-Wei and Lee, Kenton and Toutanova, Kristina},
  journal={arXiv preprint arXiv:1810.04805},
  year={2018}
}

@article{sit2019identifying,
  title={Identifying disaster-related tweets and their semantic, spatial and temporal context using deep learning, natural language processing and spatial analysis: a case study of Hurricane Irma},
  author={Sit, Muhammed Ali and Koylu, Caglar and Demir, Ibrahim},
  journal={International Journal of Digital Earth},
  year={2019},
  publisher={Taylor \& Francis}
}

@misc{tw,
  title = {tweet: On plus side LOOK AT THE SKY LAST NIGHT IT WAS ABLAZE},
  howpublished = {\url{https://twitter.com/AnyOtherAnnaK/status/629195955506708480}}
}